<?xml version="1.0" encoding="UTF-8"?><collection xmlns="http://www.loc.gov/MARC21/slim"><record><leader>00324nam--2200121-i-4500</leader><controlfield tag="001">000033476</controlfield><controlfield tag="002">20161230</controlfield><controlfield tag="005">20161230201039</controlfield><controlfield tag="008">060222s1000------------r-----000-0-eng-d</controlfield><datafield ind1=" " ind2=" " tag="100"><subfield code="a">Marshall, John</subfield></datafield><datafield ind1=" " ind2=" " tag="245"><subfield code="a">The performance of a hydromagnetic plasma gun</subfield></datafield><datafield ind1=" " ind2=" " tag="260"><subfield code="a">Los Alamos, Scientific Laboratory, 1959, 4p</subfield></datafield><datafield ind1=" " ind2=" " tag="852"><subfield code="a">15202</subfield></datafield></record></collection>